@misc{hore2024conformalpredictionlocalweights,
      title={Conformal prediction with local weights: randomization enables local guarantees}, 
      author={Rohan Hore and Rina Foygel Barber},
      year={2024},
      eprint={2310.07850},
      archivePrefix={arXiv},
      primaryClass={stat.ME},
      url={https://arxiv.org/abs/2310.07850}, 
}